/home/jonathan/lib/library.bib